<record><leader>00000cas a2200000 a 4500</leader><controlfield tag="001">7094274</controlfield><controlfield tag="008">810130d19761981waumr ne      0   a0eng c</controlfield><datafield ind1=" " ind2=" " tag="010"><subfield code="a">sc 82002005 </subfield></datafield><datafield ind1=" " ind2=" " tag="040"><subfield code="a">WAU</subfield><subfield code="b">eng</subfield><subfield code="c">WAU</subfield><subfield code="d">DLC</subfield><subfield code="d">WAU</subfield><subfield code="d">OCLCQ</subfield><subfield code="d">WAU</subfield><subfield code="d">OCLCQ</subfield><subfield code="d">OCLCF</subfield></datafield><datafield ind1=" " ind2=" " tag="012"><subfield code="a">2</subfield></datafield><datafield ind1="1" ind2=" " tag="029"><subfield code="a">AU@</subfield><subfield code="b">000041280291</subfield></datafield><datafield ind1=" " ind2=" " tag="042"><subfield code="a">pcc</subfield></datafield><datafield ind1=" " ind2=" " tag="043"><subfield code="a">n-us-ak</subfield></datafield><datafield ind1=" " ind2=" " tag="090"><subfield code="a">E78.A3</subfield><subfield code="b">A45</subfield></datafield><datafield ind1="0" ind2="0" tag="245"><subfield code="a">Alaska native times :</subfield><subfield code="b">official publication of the Non-Resident Alaska Natives in the 13th Region.</subfield></datafield><datafield ind1=" " ind2=" " tag="260"><subfield code="a">Seattle :</subfield><subfield code="b">13th Regional Corp.</subfield></datafield><datafield ind1=" " ind2=" " tag="300"><subfield code="a">v. :</subfield><subfield code="b">ill. ;</subfield><subfield code="c">45 cm.</subfield></datafield><datafield ind1=" " ind2=" " tag="310"><subfield code="a">Monthly</subfield></datafield><datafield ind1="1" ind2=" " tag="362"><subfield code="a">Began in 1976; ceased with v. 9, no. 4 (Oct./Nov. 1981)?</subfield></datafield><datafield ind1=" " ind2=" " tag="588"><subfield code="a">Description based on: Vol. 7, no. 5 (Sept. 1980); title from caption.</subfield></datafield><datafield ind1="2" ind2="0" tag="610"><subfield code="a">13th Regional Corporation (Seattle, Wash.)</subfield><subfield code="v">Newspapers.</subfield></datafield><datafield ind1=" " ind2="0" tag="650"><subfield code="a">Indians of North America</subfield><subfield code="z">Alaska</subfield><subfield code="v">Newspapers.</subfield></datafield><datafield ind1=" " ind2="0" tag="650"><subfield code="a">Eskimos</subfield><subfield code="z">Alaska</subfield><subfield code="v">Newspapers.</subfield></datafield><datafield ind1=" " ind2="7" tag="655"><subfield code="a">Alaska Native newspapers.</subfield><subfield code="2">ngl</subfield></datafield><datafield ind1=" " ind2="7" tag="655"><subfield code="a">Native American newspapers</subfield><subfield code="z">Alaska.</subfield><subfield code="2">ngl</subfield></datafield><datafield ind1=" " ind2="7" tag="655"><subfield code="a">Native American newspapers</subfield><subfield code="z">Washington (State)</subfield><subfield code="2">ngl</subfield></datafield><datafield ind1=" " ind2="7" tag="655"><subfield code="a">Newspapers.</subfield><subfield code="2">fast</subfield><subfield code="0">(OCoLC)fst01423814</subfield></datafield><datafield ind1="2" ind2="7" tag="610"><subfield code="a">13th Regional Corporation (Seattle, Wash.)</subfield><subfield code="2">fast</subfield><subfield code="0">(OCoLC)fst00564996</subfield></datafield><datafield ind1=" " ind2="7" tag="650"><subfield code="a">Eskimos.</subfield><subfield code="2">fast</subfield><subfield code="0">(OCoLC)fst00915242</subfield></datafield><datafield ind1=" " ind2="7" tag="650"><subfield code="a">Indians of North America.</subfield><subfield code="2">fast</subfield><subfield code="0">(OCoLC)fst00969633</subfield></datafield><datafield ind1=" " ind2="7" tag="651"><subfield code="a">Alaska.</subfield><subfield code="2">fast</subfield><subfield code="0">(OCoLC)fst01204480</subfield></datafield><datafield ind1="2" ind2=" " tag="710"><subfield code="a">Non-Resident Alaska Natives in the 13th Region.</subfield></datafield><datafield ind1="2" ind2=" " tag="710"><subfield code="a">13th Regional Corporation (Seattle, Wash.)</subfield></datafield></record>